@misc{1,
  author = {Nelson Salgado Reyes and Graciela Elizabeth Trujillo Moreno},
  title = {Análisis de sentimientos en datos de redes sociales: aplicación de técnicas de procesamiento de lenguaje natural y machine learning para analizar opiniones y sentimientos en datos de redes sociales},
  year = {2024},
  howpublished = {\url{https://dspace.itsjapon.edu.ec/xmlui/handle/123456789/4606}},
  note = {Accedido el 28 de noviembre de 2024}
}

@misc{2,
  author = {{BBVA}},
  title = {BBVA Colombia, 60 años de historia},
  year = {2023},
  howpublished = {\url{https://www.bbva.com/es/co/bbva-colombia-60-anos-historia/}},
  note = {Accedido el 28 de noviembre de 2024}
}

@misc{3,
  author = {{BBVA}},
  title = {BBVA Colombia lidera la transformación digital del sector},
  year = {2023},
  howpublished = {\url{https://www.bbva.com/es/bbva-colombia-lidera-la-transformacion-digital-del-sector/}},
  note = {Accedido el 28 de noviembre de 2024}
}

@misc{4,
  author = {{BBVA}},
  title = {El 2023 fue el año de hacer inversiones récord en Colombia: Mario Pardo, presidente de BBVA en Colombia},
  year = {2024},
  howpublished = {\url{https://www.bbva.com/es/co/economia-y-finanzas/el-2023-fue-el-ano-de-hacer-inversiones-record-en-colombia-mario-pardo-presidente-de-bbva-en-colombia/}},
  note = {Accedido el 28 de noviembre de 2024}
}

@misc{5,
  author = {{Hotjar}},
  title = {Análisis del NPS: 5 formas de entender tu resultado NPS},
  year = {2023},
  howpublished = {\url{https://www.hotjar.com/es/net-promoter-score/analisis/}},
  note = {Accedido el 28 de noviembre de 2024}
}

@misc{6,
  author = {{Elastic}},
  title = {¿Qué es el análisis de sentimiento? Una guía completa del análisis de sentimiento},
  year = {2023},
  howpublished = {\url{https://www.elastic.co/es/what-is/sentiment-analysis}},
  note = {Accedido el 28 de noviembre de 2024}
}

@misc{7,
  author = {{Towards AI}},
  title = {Bank Complaints Fictional Data},
  year = {2023},
  howpublished = {\url{https://pub.towardsai.net/bank-complaints-fictional-data-b885cc907b7d}},
  note = {Accedido el 28 de noviembre de 2024}
}

@mastersthesis{8,
  author = {Nazar Anchorena, C.},
  title = {Extracción de patrones en las reseñas sobre celulares mediante el modelado de temas y el análisis de sentimientos},
  school = {Universidad Torcuato Di Tella},
  year = {2022},
  type = {Tesis de Maestría},
  address = {Argentina},
  url = {https://repositorio.utdt.edu/bitstream/handle/20.500.13098/11861/MiM_Nazar%20Anchorena_2022.pdf},
  note = {Accedido el 28 de noviembre de 2024}
}

@article{9,
  author = {Blei, David M. and Ng, Andrew Y. and Jordan, Michael I.},
  title = {Latent Dirichlet Allocation},
  journal = {Journal of Machine Learning Research},
  volume = {3},
  year = {2003},
  pages = {993--1022},
  url = {https://www.jmlr.org/papers/volume3/blei03a/blei03a.pdf}
}

@inproceedings{10,
  author = {Rosner, Florian and Hinneburg, Andreas and Röder, Michael and Nettling, Matthias and Both, Andreas},
  title = {Evaluating topic coherence measures},
  booktitle = {NIPS 2013 Workshop on Topic Models: Computation, Application, and Evaluation},
  year = {2013},
  url = {https://mimno.infosci.cornell.edu/nips2013ws/nips2013tm_submission_7.pdf}
}
